@article{Zhou:2013:DSD:2416442.2416457,
 author = {Zhou, Wenchao and Tao, Tao and Loo, Boon Thau and Mao, Yun},
 title = {Declarative Secure Distributed Information Systems},
 journal = {Comput. Lang. Syst. Struct.},
 issue_date = {April, 2013},
 volume = {39},
 number = {1},
 month = apr,
 year = {2013},
 issn = {1477-8424},
 pages = {1--24},
 numpages = {24},
 url = {http://dx.doi.org/10.1016/j.cl.2012.09.002},
 doi = {10.1016/j.cl.2012.09.002},
 acmid = {2416457},
 publisher = {Elsevier Science Publishers B. V.},
 address = {Amsterdam, The Netherlands, The Netherlands},
 keywords = {Declarative networking, Distributed trust management, Secure distributed information systems, Secure query processing},
}