@article{Agrawal:2009:CRD:1516046.1516062,
 author = {Agrawal, Rakesh and Ailamaki, Anastasia and Bernstein, Philip A. and Brewer, Eric A. and Carey, Michael J. and Chaudhuri, Surajit and Doan, Anhai and Florescu, Daniela and Franklin, Michael J. and Garcia-Molina, Hector and Gehrke, Johannes and Gruenwald, Le and Haas, Laura M. and Halevy, Alon Y. and Hellerstein, Joseph M. and Ioannidis, Yannis E. and Korth, Hank F. and Kossmann, Donald and Madden, Samuel and Magoulas, Roger and Ooi, Beng Chin and O'Reilly, Tim and Ramakrishnan, Raghu and Sarawagi, Sunita and Stonebraker, Michael and Szalay, Alexander S. and Weikum, Gerhard},
 title = {The Claremont Report on Database Research},
 journal = {Commun. ACM},
 issue_date = {June 2009},
 volume = {52},
 number = {6},
 month = jun,
 year = {2009},
 issn = {0001-0782},
 pages = {56--65},
 numpages = {10},
 url = {http://doi.acm.org/10.1145/1516046.1516062},
 doi = {10.1145/1516046.1516062},
 acmid = {1516062},
 publisher = {ACM},
 address = {New York, NY, USA},
}