@article{Emeakaroha:2013:MOB:2560665.2560672,
 author = {Emeakaroha, Vincent C. and Maurer, Michael and Stern, Patrick and \Labaj, Pawe\l P. and Brandic, Ivona and Kreil, David P.},
 title = {Managing and Optimizing Bioinformatics Workflows for Data Analysis in Clouds},
 journal = {J. Grid Comput.},
 issue_date = {September 2013},
 volume = {11},
 number = {3},
 month = sep,
 year = {2013},
 issn = {1570-7873},
 pages = {407--428},
 numpages = {22},
 url = {http://dx.doi.org/10.1007/s10723-013-9260-9},
 doi = {10.1007/s10723-013-9260-9},
 acmid = {2560672},
 publisher = {Springer-Verlag New York, Inc.},
 address = {Secaucus, NJ, USA},
 keywords = {Application level monitoring, Cloud computing, Knowledge database, Resource level monitoring, Workflow execution, Workflow management},
}