@inproceedings{Budgen:2008,
	author = {David Budgen and Mark Turner and Pearl Brereton and Barbara Kitchenham},
	title = {Using {M}apping {S}tudies in {S}oftware {E}ngineering},
	year = 2008,
	booktitle = {Proceedings of PPIG 2008},
	pages = "195--204",
	publisher = {Lancaster University},
	isbn = "978-1-86220-215-3",
};


@inproceedings{Petersen:2008,
 author = {Petersen, Kai and Feldt, Robert and Mujtaba, Shahid and Mattsson, Michael},
 title = {Systematic Mapping Studies in Software Engineering},
 booktitle = {Proceedings of the 12th International Conference on Evaluation and Assessment in Software Engineering},
 series = {EASE'08},
 year = {2008},
 location = {Italy},
 pages = {68--77},
 numpages = {10},
 url = {http://dl.acm.org/citation.cfm?id=2227115.2227123},
 acmid = {2227123},
 publisher = {British Computer Society},
 address = {Swinton, UK, UK},
 keywords = {evidence based software engineering, systematic mapping studies, systematic reviews},
} 
 
@inproceedings{SM,
 author = {Petersen, Kai and Feldt, Robert and Mujtaba, Shahid and Mattsson, Michael},
 title = {Systematic Mapping Studies in Software Engineering},
 booktitle = {Proceedings of the 12th International Conference on Evaluation and Assessment in Software Engineering},
 series = {EASE'08},
 year = {2008},
 location = {Italy},
 pages = {68--77},
 numpages = {10},
 url = {http://dl.acm.org/citation.cfm?id=2227115.2227123},
 acmid = {2227123},
 publisher = {British Computer Society},
 address = {Swinton, UK, UK},
 keywords = {evidence based software engineering, systematic mapping studies, systematic reviews},
}  