@article{001,
title = "Parallel processing of large graphs ",
journal = "Future Generation Computer Systems ",
volume = "32",
number = "0",
pages = "324 - 337",
year = "2014",
note = "Special Section: The Management of Cloud Systems, Special Section: Cyber-Physical Society and Special Section: Special Issue on Exploiting Semantic Technologies with Particularization on Linked Data over Grid and Cloud Architectures ",
issn = "0167-739X",
doi = "http://dx.doi.org/10.1016/j.future.2013.08.007",
url = "http://www.sciencedirect.com/science/article/pii/S0167739X13001726",
author = "Tomasz Kajdanowicz and Przemyslaw Kazienko and Wojciech Indyk",
keywords = "Large graph processing",
keywords = "Parallel processing",
keywords = "Big data",
keywords = "Cloud computing",
keywords = "Collective classification",
keywords = "Shortest path",
keywords = "Networked data",
keywords = "Bulk Synchronous Parallel",
keywords = "MapReduce ",
abstract = "Abstract More and more large data collections are gathered worldwide in various \{IT\} systems. Many of them possess a networked nature and need to be processed and analysed as graph structures. Due to their size they very often require the usage of a parallel paradigm for efficient computation. Three parallel techniques have been compared in the paper: MapReduce, its map-side join extension and Bulk Synchronous Parallel (BSP). They are implemented for two different graph problems: calculation of single source shortest paths (SSSP) and collective classification of graph nodes by means of relational influence propagation (RIP). The methods and algorithms are applied to several network datasets differing in size and structural profile, originating from three domains: telecommunication, multimedia and microblog. The results revealed that iterative graph processing with the \{BSP\} implementation always and significantly, even up to 10 times outperforms MapReduce, especially for algorithms with many iterations and sparse communication. The extension of MapReduce based on map-side join is usually characterized by better efficiency compared to its origin, although not as much as BSP. Nevertheless, MapReduce still remains a good alternative for enormous networks, whose data structures do not fit in local memories. "
}

@inproceedings{002,
 author = {Lin, Jimmy and Schatz, Michael},
 title = {Design Patterns for Efficient Graph Algorithms in MapReduce},
 booktitle = {Proceedings of the Eighth Workshop on Mining and Learning with Graphs},
 series = {MLG '10},
 year = {2010},
 isbn = {978-1-4503-0214-2},
 location = {Washington, D.C.},
 pages = {78--85},
 numpages = {8},
 url = {http://doi.acm.org/10.1145/1830252.1830263},
 doi = {10.1145/1830252.1830263},
 acmid = {1830263},
 publisher = {ACM},
 address = {New York, NY, USA},
} 

@inproceedings{003,
 author = {Li, Hui and Ruan, Yang and Zhou, Yuduo and Qiu, Judy and Fox, Geoffrey},
 title = {Design Patterns for Scientific Applications in DryadLINQ CTP},
 booktitle = {Proceedings of the Second International Workshop on Data Intensive Computing in the Clouds},
 series = {DataCloud-SC '11},
 year = {2011},
 isbn = {978-1-4503-1144-1},
 location = {Seattle, Washington, USA},
 pages = {61--70},
 numpages = {10},
 url = {http://doi.acm.org/10.1145/2087522.2087533},
 doi = {10.1145/2087522.2087533},
 acmid = {2087533},
 publisher = {ACM},
 address = {New York, NY, USA},
 keywords = {MapReduce, PageRank, SW-G, design pattern, dryad, dryadLINQ, matrix multiply},
} 

@inproceedings{004,
 author = {White, Brandyn and Yeh, Tom and Lin, Jimmy and Davis, Larry},
 title = {Web-scale Computer Vision Using MapReduce for Multimedia Data Mining},
 booktitle = {Proceedings of the Tenth International Workshop on Multimedia Data Mining},
 series = {MDMKDD '10},
 year = {2010},
 isbn = {978-1-4503-0220-3},
 location = {Washington, D.C.},
 pages = {9:1--9:10},
 articleno = {9},
 numpages = {10},
 url = {http://doi.acm.org/10.1145/1814245.1814254},
 doi = {10.1145/1814245.1814254},
 acmid = {1814254},
 publisher = {ACM},
 address = {New York, NY, USA},
 keywords = {MapReduce, background subtraction, bag-of-features, cloud computing, clustering, computer vision, image registration},
} 

@INPROCEEDINGS{005, 
author={Mayilvaganan, M. and Sabitha, M.}, 
booktitle={Computational Intelligence and Computing Research (ICCIC), 2013 IEEE International Conference on}, 
title={A cloud-based architecture for Big-Data analytics in smart grid: A proposal}, 
year={2013}, 
month={Dec}, 
pages={1-4}, 
keywords={Big Data;cloud computing;power engineering computing;smart power grids;supply and demand;big-data analytics;cloud storage;cloud-based architecture;cloud-based smart grid;customer needs;electric grid;historic weather data;power usage pattern;renewable energy sources;supply and demand;Cloud computing;Clouds;Computer architecture;Data handling;Data storage systems;Information management;Smart grids;Big Data Analytics;Cassandra;Cloud Computing;Hadoop;Hive;Renewable Energy;Smart Grid}, 
doi={10.1109/ICCIC.2013.6724168},}


@INPROCEEDINGS{006, 
author={Price, S. and Flach, P.A.}, 
booktitle={Big Data, 2013 IEEE International Conference on}, 
title={A Higher-order data flow model for heterogeneous Big Data}, 
year={2013}, 
month={Oct}, 
pages={569-574}, 
keywords={Big Data;Web services;data flow analysis;data models;object-oriented methods;parallel processing;Big Data computing facilities;JSONMatch;Web application;Web service;big variety data;data analysis;heterogeneous Big Data;higher-order data flow model;higher-order relations;higher-order representation;parallelisable design patterns;semistructured data;unstructured data;Context;Data handling;Data models;Generators;HTML;Information management;Web services;NoSQL;data flow;data integration;data mining;heterogeneous data}, 
doi={10.1109/BigData.2013.6691624},}

@INPROCEEDINGS{007, 
author={Chonho Lee and Changbing Chen and Xia Yang and Zoebir, B. and Chaisiri, S. and Bu-Sung Lee}, 
booktitle={Services (SERVICES), 2013 IEEE Ninth World Congress on}, 
title={A Workflow Framework for Big Data Analytics: Event Recognition in a Building}, 
year={2013}, 
month={June}, 
pages={21-28}, 
keywords={building management systems;cloud computing;data analysis;green computing;parallel processing;power consumption;power engineering computing;workflow management software;Department of Engineering;ERS;Tokyo University;abnormal power usage;big data analytics;building energy savings;building event recognition;camera;cloud computing environment;cloud computing technology;data analysis;data intensive system;distributed task;event recognition system;green campus;motion sensors;parallel processing;parallel workflow execution;power consumption data;power consumption historical record;power consumption pattern;power waste;remote workflow execution;scaling infrastructure;system scalability;task scheduling;workflow framework;workflow management;Buildings;Cloud computing;Correlation;Lighting;Plugs;Power demand;XML;big data analytics;event recognition system;green building;workflow framework}, 
doi={10.1109/SERVICES.2013.29},}

@INPROCEEDINGS{008, 
author={Vincke, R. and Van Landschoot, S. and Cordemans, P. and Peuteman, J. and Steegmans, E. and Boydens, J.}, 
booktitle={P2P, Parallel, Grid, Cloud and Internet Computing (3PGCIC), 2013 Eighth International Conference on}, 
title={Algorithm Parallelization Using Software Design Patterns, an Embedded Case Study Approach}, 
year={2013}, 
month={Oct}, 
pages={470-473}, 
keywords={embedded systems;fast Fourier transforms;multiprocessing systems;object-oriented methods;parallel algorithms;software maintenance;Parallel design patterns;fast Fourier transformation algorithm;low-level constructs;multicore embedded systems;object-oriented design patterns;parallel algorithms;parallel embedded software;software design patterns;software refactoring;top-down approach;Algorithm design and analysis;Discrete Fourier transforms;Fast Fourier transforms;Instruction sets;Optimization;Signal processing algorithms;Software algorithms;Fast Fourier Transform;multicore embedded software;parallel design patterns}, 
doi={10.1109/3PGCIC.2013.80},}

@INPROCEEDINGS{009, 
author={Schultz, J. and Vierya, J. and Lu, E.}, 
booktitle={High Performance Computing, Networking, Storage and Analysis (SCC), 2012 SC Companion:}, 
title={Abstract: Analyzing Patterns in Large-Scale Graphs Using MapReduce in Hadoop}, 
year={2012}, 
month={Nov}, 
pages={1457-1458}, 
keywords={cloud computing;data visualisation;graphs;pattern recognition;security of data;social networking (online);Amazon EC2;Cohen MapReduce graph algorithms;Facebook;Linkedin;MapReduce cloud computing;Snap Stanford;Twitter;barycentric clusters;blog analysis;community identification;detected graph pattern visualizations;graph pattern detection scales;information processing;intrusion detections;large dataset processing;large-scale graphs;open source Hadoop;pattern analysis;programming model;social networks;spamming detections;visualization algorithm;Cloud Computing;Cohesive Components;Graph Algorithms;MapReduce;Pattern Detection}, 
doi={10.1109/SC.Companion.2012.257},}

@INPROCEEDINGS{010, 
author={Yan Li and Kun Wang and Qi Guo and Xin Li and Xiaochen Zhang and Guancheng Chen and Tao Liu and Jian Li}, 
booktitle={Low Power Electronics and Design (ISLPED), 2013 IEEE International Symposium on}, 
title={Breaking the boundary for whole-system performance optimization of big data}, 
year={2013}, 
month={Sept}, 
pages={126-131}, 
keywords={data handling;optimisation;parallel programming;performance evaluation;resource allocation;10-node Power7R2 cluster;JVM;MapReduce program performance optimization;Terasort benchmark;big data;hardware layers;performance evaluation framework;performance tuning;resource utilization;software stacks;whole-system performance optimization;Hardware;Indexes;Java;Optimization;Runtime;Software;Tuning}, 
doi={10.1109/ISLPED.2013.6629278},}

@INPROCEEDINGS{011, 
author={Lu Cheng and Pengju Shang and Sehrish, S. and Mackey, G. and Jun Wang}, 
booktitle={Networking, Architecture and Storage (NAS), 2010 IEEE Fifth International Conference on}, 
title={Concentric Layout, a New Scientific Data Distribution Scheme in Hadoop File System}, 
year={2010}, 
month={July}, 
pages={231-239}, 
keywords={data analysis;distributed processing;file organisation;information retrieval;matrix algebra;Hadoop file system;MapReduce framework;concentric data layout solution;data access pattern;data analysis;data pre-process operation;large scientific data set;matrix data access;matrix files;optical telescope;scientific data distribution scheme;scientific simulation;Analytical models;Arrays;Computational modeling;Data models;Distributed databases;File systems;Layout}, 
doi={10.1109/NAS.2010.59},}


@INPROCEEDINGS{012, 
author={Hogan, J.M. and Kelly, W.A. and Newell, F.S.}, 
booktitle={eScience (eScience), 2013 IEEE 9th International Conference on}, 
title={Consensus Sigma-70 Promoter Prediction Using Hadoop}, 
year={2013}, 
month={Oct}, 
pages={35-44}, 
keywords={biology computing;data handling;genomics;parallel programming;proteins;public domain software;Hadoop;MapReduce frameworks;binding sites;consensus Sigma-70 promoter prediction;data relationships;dominant decomposition;genomic data;information retrieval;large data set handling;large scale comparative genomics;multiple gene regions;multiple organisms;parallelism granularity;promoter identification;regulatory proteins;sales record analysis;sequencing technology;Bioinformatics;Context;DNA;Genomics;Java;Organisms;Proteins;Bioinformatics;Hadoop;Map Reduce;Promoter Prediction}, 
doi={10.1109/eScience.2013.42},}

@ARTICLE{013, 
author={Zhixu Li and Sharaf, M.A. and Sitbon, L. and Xiaoyong Du and Xiaofang Zhou}, 
journal={Knowledge and Data Engineering, IEEE Transactions on}, 
title={CoRE: A Context-Aware Relation Extraction Method for Relation Completion}, 
year={2014}, 
month={April}, 
volume={26}, 
number={4}, 
pages={836-849}, 
keywords={document handling;query processing;ubiquitous computing;CoRE;PaRE;RC;auxiliary information;context-aware relation extraction method;data applications;data enrichment;document retrieval;entity reconstruction;pattern based method;relation completion;search queries;semantic relation;Adaptation models;Context;Data mining;Educational institutions;Semantics;Web pages;Web search;Context-aware relation extraction;relation completion;relation query expansion}, 
doi={10.1109/TKDE.2013.148}, 
ISSN={1041-4347},}

@INPROCEEDINGS{014, 
author={Roopa, T. and Iyer, A.N. and Rangaswamy, S.}, 
booktitle={Big Data (BigData Congress), 2013 IEEE International Congress on}, 
title={CroTIS-Crowdsourcing Based Traffic Information System}, 
year={2013}, 
month={June}, 
pages={271-277}, 
keywords={road traffic;road vehicles;traffic information systems;CroTIS-crowdsourcing based traffic information system;Traffic Department;chaotic traffic;nonlane based real time traffic management;predictive analysis;road traffic congestion;traffic analysis;vehicular traffic;Cameras;Global Positioning System;Junctions;Mobile communication;Mobile handsets;Roads;Servers;Big data;Crowdsourcing;Intelligent Traffic systems;Smartphone}, 
doi={10.1109/BigData.Congress.2013.43},}

@INPROCEEDINGS{015, 
author={Yong-qing Wei and Dong Liu and Lin-shan Duan}, 
booktitle={Information Technology in Medicine and Education (ITME), 2012 International Symposium on}, 
title={Distributed PrefixSpan algorithm based on MapReduce}, 
year={2012}, 
month={Aug}, 
volume={2}, 
pages={901-904}, 
keywords={data mining;parallel databases;Hadoop platform;MR-PrefixSpan;Map function;MapReduce programming model;distributed PrefixSpan algorithm;distributed sequential pattern mining algorithm;intermediate values;massive data set;prefix-projected sequential pattern mining;projected parallel databases;reduce function;search space;Indium phosphide;Hadoop platform;MapReduce model;PrefixSpan algorithm;cloud computing;parallel dispose;sequential pattern}, 
doi={10.1109/ITiME.2012.6291449},}

@inproceedings{016,
 author = {Budiu, Mihai and Delling, Daniel and Werneck, Renato F.},
 title = {DryadOpt: Branch-and-Bound on Distributed Data-Parallel Execution Engines},
 booktitle = {Proceedings of the 2011 IEEE International Parallel \& Distributed Processing Symposium},
 series = {IPDPS '11},
 year = {2011},
 isbn = {978-0-7695-4385-7},
 pages = {1278--1289},
 numpages = {12},
 url = {http://dx.doi.org/10.1109/IPDPS.2011.121},
 doi = {10.1109/IPDPS.2011.121},
 acmid = {2059591},
 publisher = {IEEE Computer Society},
 address = {Washington, DC, USA},
} 

@INPROCEEDINGS{017, 
author={Chun-Chieh Chen and Kuan-Wei Lee and Chih-Chieh Chang and De-Nian Yang and Ming-Syan Chen}, 
booktitle={Big Data, 2013 IEEE International Conference on}, 
title={Efficient large graph pattern mining for big data in the cloud}, 
year={2013}, 
month={Oct}, 
pages={531-536}, 
keywords={Big Data;cloud computing;data mining;graph theory;merging;Big graph data mining;c-SpiderMine;cloud computing;cloud-based SpiderMine;graph partition problem;information asymmetry;large graph pattern mining;pattern-preservation merging;Cloud computing;Data mining;Information management;Merging;Partitioning algorithms;Scalability;Big data;Cloud computing;Graph pattern mining}, 
doi={10.1109/BigData.2013.6691618},}

@INPROCEEDINGS{018, 
author={Ashwin Kumar, T.K. and Hong Liu and Thomas, J.P.}, 
booktitle={Data Science Engineering (ICDSE), 2014 International Conference on}, 
title={Efficient structuring of data in big data}, 
year={2014}, 
month={Aug}, 
pages={1-5}, 
keywords={Big Data;data integration;human computer interaction;query processing;Big Data;context patterns;data extraction;data integration;data items;data query;data relationships;data structuring;data transformation;relational databases;unstructured data;usage patterns;user-friendly structured data construction;Clustering algorithms;Context;Facebook;Filtering;Markov processes;Pragmatics;Semantics;Data Context;Hadoop;Structured Data;Unstructured data;Usage patterns}, 
doi={10.1109/ICDSE.2014.6974602},}

@INPROCEEDINGS{019, 
author={Holley, K. and Sivakumar, G. and Kannan, K.}, 
booktitle={Big Data (BigData Congress), 2014 IEEE International Congress on}, 
title={Enrichment Patterns for Big Data}, 
year={2014}, 
month={June}, 
pages={796-799}, 
keywords={Big Data;data models;Big Data;business value;data models;data schema;data sources;enrichment patterns;variety;velocity;veracity;volume;Abstracts;Big data;Context;Data models;Organizations;Real-time systems;Data Architecture patterns for Big Data}, 
doi={10.1109/BigData.Congress.2014.127},}

@INPROCEEDINGS{020, 
author={Devikarubi, R. and Rubi, R.D. and Arockiam, L.}, 
booktitle={Intelligent Computing Applications (ICICA), 2014 International Conference on}, 
title={IndexedFCP - An Index Based Approach to Identify Frequent Contiguous Patterns (FCP) in Big Data}, 
year={2014}, 
month={March}, 
pages={27-31}, 
keywords={Big Data;computational complexity;data mining;database indexing;Big Data;FCP algorithms;IndexedFCP;Motif;SDB applications;frequent contiguous pattern identification;frequent contiguous pattern mining;genomic SDB;index based technique;inventory SDB;large storage space;regulatory regions;sequence database;stack trading patterns;time complexity;Algorithm design and analysis;Bioinformatics;DNA;Data mining;Indexes;Proteins;Big Data;Biomarkers;Contiguous Pattern Mining;DNA Data Sequences;Motif;Regulatory Regions;Sequence Database}, 
doi={10.1109/ICICA.2014.15},}

@INPROCEEDINGS{021, 
author={Prakashbhai, P.A. and Pandey, H.M.}, 
booktitle={Confluence The Next Generation Information Technology Summit (Confluence), 2014 5th International Conference -}, 
title={Inference patterns from Big Data using aggregation, filtering and tagging- A survey}, 
year={2014}, 
month={Sept}, 
pages={66-71}, 
keywords={Big Data;inference mechanisms;information filtering;pattern recognition;Big Data;data aggregation;data filtering;data gathering;data tagging;inference patterns;Algorithm design and analysis;Big data;Data warehouses;Databases;Facebook;Filtering;Organizations;Big Data;Flume;HDFS;Hadoop;Hive;Mahout;MapReduce;Sqoop;aggregation;filtering;tagging},
doi={10.1109/CONFLUENCE.2014.6949238},}

@INPROCEEDINGS{022, 
author={Jingwei Huang and Kalbarczyk, Z. and Nicol, D.M.}, 
booktitle={Big Data (BigData Congress), 2014 IEEE International Congress on}, 
title={Knowledge Discovery from Big Data for Intrusion Detection Using LDA}, 
year={2014}, 
month={June}, 
pages={760-761}, 
keywords={Big Data;data mining;learning (artificial intelligence);security of data;Big Data;LDA;LDA models;anomaly-based methods;intrusion detection;knowledge discovery;latent Dirichlet allocation;learning algorithms;network logs;signature-based methods;system logs;topic modeling problem;Big data;Data models;Intrusion detection;Knowledge discovery;Monitoring;Vocabulary;LDA;big data;data mining;intrusion detection}, 
doi={10.1109/BigData.Congress.2014.111},}

@INPROCEEDINGS{023, 
author={Bo Liu and Liang Wu and Qiuxiang Dong and YuanChun Zhou}, 
booktitle={Big Data (BigData Congress), 2014 IEEE International Congress on}, 
title={Large-Scale Heterogeneous Program Retrieval through Frequent Pattern Discovery and Feature Correlation Analysis}, 
year={2014}, 
month={June}, 
pages={780-781}, 
keywords={Big Data;correlation methods;data mining;distributed databases;feature extraction;information retrieval;pattern recognition;software engineering;source code (software);text analysis;big data;code artifact retrieval;data volume size;feature correlation analysis;frequent pattern discovery;frequent pattern extraction;heterogeneous datasets;information retrieval;large-scale heterogeneous program retrieval;program retrieval method;software engineering domain;source code;text information;word extraction;Big data;Computational modeling;Correlation;Data mining;Feature extraction;Java;Semantics;Information retrieval;big data;data mining;semantics}, 
doi={10.1109/BigData.Congress.2014.120},}

@INPROCEEDINGS{024, 
author={Przyjaciel-Zablocki, M. and Schaetzle, A. and Skaley, E. and Hornung, T. and Lausen, G.}, 
booktitle={Cloud Computing Technology and Science (CloudCom), 2013 IEEE 5th International Conference on}, 
title={Map-Side Merge Joins for Scalable SPARQL BGP Processing}, 
year={2013}, 
month={Dec}, 
volume={1}, 
pages={631-638}, 
keywords={query processing;semantic Web;very large databases;Big Data;MapReduce;basic graph patterns;scalable SPARQL BGP processing;semantic Web;Educational institutions;Information management;Layout;Pattern matching;Resource description framework;Sorting;Map-Side Merge Join;MapReduce;RDF;SPARQL}, 
doi={10.1109/CloudCom.2013.9},}

@INPROCEEDINGS{025, 
author={Ostrowski, D.A.}, 
booktitle={Semantic Computing (ICSC), 2014 IEEE International Conference on}, 
title={MapReduce Design Patterns for Social Networking Analysis}, 
year={2014}, 
month={June}, 
pages={316-319}, 
keywords={Big Data;distributed programming;graph theory;social networking (online);Big Data analytics;Internet-based data resources;MapReduce design patterns;graph topology;graph-based metric determination;large scale graph analysis;post processing statistics;shortest path estimation;social networking analysis;Algorithm design and analysis;Big data;Clustering algorithms;Conferences;Context;Measurement;Social network services;Big Data;MapReduce;Social Networks}, 
doi={10.1109/ICSC.2014.61},}

@INPROCEEDINGS{026, 
author={HyeongSik Kim and Anyanwu, K.}, 
booktitle={Big Data, 2013 IEEE International Conference on}, 
title={Optimizing queries over semantically integrated datasets on MapReduce platforms}, 
year={2013}, 
month={Oct}, 
pages={5-6}, 
keywords={algebra;data mining;ontologies (artificial intelligence);query processing;relational databases;MapReduce platform;UNION queries;algebraic interpretation;complex graph pattern;complex ontology;life science database;query rewriting;semantically integrated datasets;Algebra;Data models;Databases;Ontologies;Optimization;Pattern matching;Resource description framework;Life Science;MapReduce;SPARQL;Union}, 
doi={10.1109/BigData.2013.6691788},}

@INPROCEEDINGS{027, 
author={Hui Chen and Tsau Young Lin and Zhibing Zhang and Jie Zhong}, 
booktitle={Granular Computing (GrC), 2013 IEEE International Conference on}, 
title={Parallel mining frequent patterns over big transactional data in extended mapreduce}, 
year={2013}, 
month={Dec}, 
pages={43-48}, 
keywords={Big Data;data mining;parallel algorithms;parallel programming;PB-level;TB-level;big transactional data;bitmap computation;data scanning;data size;data subfile processing;extended MapReduce Frame;mass data file split;parallel algorithm;parallel frequent pattern mining;performance improvement;statistic analysis method;subfile merging;subfile pattern location;Data handling;Data mining;Data storage systems;Databases;Equations;Information management;Probability density function;Big Data;Bitmap Computation;Frequent Pattern Mining;MapReduce}, 
doi={10.1109/GrC.2013.6740378},}

@INPROCEEDINGS{028, 
author={Yongqiang He and Rubao Lee and Yin Huai and Zheng Shao and Jain, N. and Xiaodong Zhang and Zhiwei Xu}, 
booktitle={Data Engineering (ICDE), 2011 IEEE 27th International Conference on}, 
title={RCFile: A fast and space-efficient data placement structure in MapReduce-based warehouse systems}, 
year={2011}, 
month={April}, 
pages={1199-1208}, 
keywords={Web services;data analysis;data structures;data warehouses;query processing;social networking (online);Facebook production systems;Hadoop system;MapReduce-based warehouse systems;RCFile;Web service providers;Yahoo!;data analytics;data placement structure;data processing;distributed systems;fast data loading;fast query processing;large data analysis;record columnar file;social network sites;storage space utilization;user behavior trends;Data compression;Data handling;Data storage systems;Data warehouses;Facebook;Information management;Query processing}, 
doi={10.1109/ICDE.2011.5767933}, 
ISSN={1063-6382},}

@INPROCEEDINGS{029, 
author={Pengfei Xuan and Yueli Zheng and Sarupria, S. and Apon, A.}, 
booktitle={Big Data, 2013 IEEE International Conference on}, 
title={SciFlow: A dataflow-driven model architecture for scientific computing using Hadoop}, 
year={2013}, 
month={Oct}, 
pages={36-44}, 
keywords={Big Data;data flow computing;public domain software;scientific information systems;software architecture;Hadoop infrastructure;SciFlow;data intensive computing tasks;data interactions;dataflow patterns;dataflow-driven model architecture;fault-tolerance;forward flux sampling rare event simulation;many-task computing;parallel scientific application;scientific computing;scientific workflows;user interface;Computational modeling;Computer architecture;Data models;Data processing;Scientific computing;Standards;Trajectory;Big Data;Hadoop;dataflow;dataflow-driven design patterns;forward flux sampling rare events simulation;many-task computing;scientific computing}, 
doi={10.1109/BigData.2013.6691725},}

@INPROCEEDINGS{030, 
author={Xiaoming Gao and Qiu, J.}, 
booktitle={Cluster, Cloud and Grid Computing (CCGrid), 2014 14th IEEE/ACM International Symposium on}, 
title={Supporting Queries and Analyses of Large-Scale Social Media Data with Customizable and Scalable Indexing Techniques over NoSQL Databases}, 
year={2014}, 
month={May}, 
pages={587-590}, 
keywords={Big Data;SQL;data analysis;indexing;query processing;social networking (online);storage management;Big Data processing;Giraph;Hadoop MapReduce;Harp;Truthy social media data observatory;YARN;analysis workflows;communication patterns;computation patterns;customizable indexing framework;customizable indexing techniques;customized index structures;data storage;data subsets;distributed NoSQL databases;distributed analysis stack;historical data indexing;indexedHBase;large-scale social media data;processing requirements;query evaluation;query patterns;scalable indexing framework;scalable indexing techniques;social activities;social events;social media data analysis;streaming data indexing;Algorithm design and analysis;Data analysis;Distributed databases;Indexing;Media;NoSQL databases;YARN;customizable and scalable indexing;social media data analysis}, 
doi={10.1109/CCGrid.2014.57},}

@INPROCEEDINGS{031, 
author={Shengsheng Huang and Jie Huang and Jinquan Dai and Tao Xie and Bo Huang}, 
booktitle={Data Engineering Workshops (ICDEW), 2010 IEEE 26th International Conference on}, 
title={The HiBench benchmark suite: Characterization of the MapReduce-based data analysis}, 
year={2010}, 
month={March}, 
pages={41-51}, 
keywords={Java;data analysis;public domain software;HDFS bandwidth;Hadoop characterization;HiBench benchmark suite;MapReduce based data analysis;data access patterns;open source implementation;Bandwidth;Cloud computing;Data analysis;Explosives;Fault tolerance;Large-scale systems;Open source software;Personal communication networks;Resource management;Throughput}, 
doi={10.1109/ICDEW.2010.5452747},}

@INPROCEEDINGS{032, 
author={Ravindra, P.}, 
booktitle={Data Engineering Workshops (ICDEW), 2014 IEEE 30th International Conference on}, 
title={Towards optimization of RDF analytical queries on MapReduce}, 
year={2014}, 
month={March}, 
pages={335-339}, 
keywords={algebra;graph theory;optimisation;pattern matching;query processing;semantic Web;Apache Pig;MapReduce;RDF analytical queries;RDF data model;algebraic approach;graph patterns;multiple grouping-aggregations;nested triplegroup data model;optimization;semantic Web technologies;simple pattern matching queries;two-pronged approach;Algebra;Data models;Optimization;Pattern matching;Redundancy;Resource description framework}, 
doi={10.1109/ICDEW.2014.6818351},}